@techreport{Balayetal2023,
  author = {Satish Balay and {34 others}},
  fauthor = {Satish Balay and Shrirang Abhyankar and Mark~F. Adams and Steven Benson and Jed Brown
    and Peter Brune and Kris Buschelman and Emil Constantinescu and Lisandro Dalcin and Alp Dener
    and Victor Eijkhout and Jacob Faibussowitsch and William~D. Gropp and V\'{a}clav Hapla and Tobin Isaac and Pierre Jolivet
    and Dmitry Karpeev and Dinesh Kaushik and Matthew~G. Knepley and Fande Kong and Scott Kruger
    and Dave~A. May and Lois Curfman McInnes and Richard Tran Mills and Lawrence Mitchell and Todd Munson
    and Jose~E. Roman and Karl Rupp and Patrick Sanan and Jason Sarich and Barry~F. Smith
    and Stefano Zampini and Hong Zhang and Hong Zhang and Junchao Zhang},
  title       = {{PETSc/TAO} Users Manual},
  institution = {Argonne National Laboratory},
  number      = {ANL-21/39 - Revision 3.19},
  year        = {2023},
}

@Article{BensonMunson2006,
  AUTHOR    = {S. Benson and T. Munson},
  TITLE     = {Flexible complementarity solvers for large-scale applications},
  JOURNAL   = {Optimization Methods and Software},
  VOLUME    = {21},
  NUMBER    = {1},
  PAGES     = {155--168},
  YEAR      = {2006},
}

@Book{Braess2007,
  AUTHOR    = {D. Braess},
  TITLE     = {Finite {E}lements: {T}heory, {F}ast {S}olvers, and
               {A}pplications in {E}lasticity {T}heory},
  EDITION   = {3rd},
  PUBLISHER = {Cambridge University Press},
  YEAR      = {2007}
}

@article{BramblePasciakXu1990,
  author={J. H. Bramble and J. E. Pasciak and J. Xu},
  title={Parallel multilevel preconditioners},
  journal={Mathematics of computation},
  volume={55},
  number={191},
  pages={1--22},
  year={1990}
}

@Article{Brandt1977,
  title={Multi-level adaptive solutions to boundary-value problems},
  author={Brandt, Achi},
  journal={Math. Comp.},
  volume={31},
  number={138},
  pages={333--390},
  year={1977},
}

@Article{BrandtCryer1983,
  AUTHOR    = {A. Brandt and C. Cryer},
  TITLE     = {Multigrid algorithms for the solution of linear complementarity
               problems arising from free boundary problems},
  JOURNAL   = {SIAM J. Sci. Stat. Comput.},
  VOLUME    = {4},
  NUMBER    = {4},
  PAGES     = {655--684},
  YEAR      = {1983},
}

@Book{BrandtLivne2011,
  AUTHOR    = {A. Brandt and O. Livne},
  TITLE     = {{Multigrid Techniques: 1984 Guide with Applications to
                Fluid Dynamics}},
  EDITION   = {revised},
  PUBLISHER = {SIAM Press},
  ADDRESS   = {Philadelphia},
  YEAR      = {2011}
}

@Book{BrennerScott2007,
  AUTHOR    = {S. Brenner and L. R. Scott},
  TITLE     = {The {M}athematical {T}heory of {F}inite {E}lement {M}ethods},
  EDITION   = {3rd},
  PUBLISHER = {Springer},
  ADDRESS   = {New York},
  YEAR      = {2007}
}

@Article{BrownSmithAhmadia2013,
  AUTHOR    = {J. Brown and B. Smith and A. Ahmadia},
  TITLE     = {Achieving textbook multigrid efficiency for hydrostatic
               ice sheet flow},
  JOURNAL   = {SIAM J. Sci. Comput.},
  VOLUME    = {35},
  NUMBER    = {2},
  PAGES     = {359--375},
  YEAR      = {2013},
  doi       = {10.1137/110834512},
}

@Article{Bruneetal2015,
  AUTHOR    = {P. Brune and M. Knepley and B. Smith and X. Tu},
  TITLE     = {Composing scalable nonlinear algebraic solvers},
  JOURNAL   = {SIAM Rev.},
  VOLUME    = {57},
  NUMBER    = {4},
  PAGES     = {535--565},
  YEAR      = {2015},
}

@Article{Bueler2016,
  author   = {E. Bueler},
  title    = {Stable finite volume element schemes for the shallow ice approximation},
  journal  = {J. Glaciol.},
  volume   = {62},
  number   = {232},
  pages    = {230--242},
  year     = {2016},
}

@Book{Bueler2021,
  AUTHOR    = {E. Bueler},
  TITLE     = {{PETSc} for {P}artial {D}ifferential {E}quations: {N}umerical {S}olutions in {C} and {P}ython},
  PUBLISHER = {SIAM Press},
  ADDRESS   = {Philadelphia},
  YEAR      = {2021}
}

@Article{Bueler2021conservation,
  author   = {E. Bueler},
  title    = {Conservation laws for free-boundary fluid layers},
  journal  = {SIAM J. Appl. Math.},
  volume   = {81},
  number   = {5},
  pages    = {2007--2032},
  year     = {2021},
  doi      = {10.1137/20M135217X},
}

@Unpublished{BuelerMitchell2022,
  author   = {E. Bueler and L. Mitchell},
  title    = {Multilevel computation of glacier geometry from {S}tokes dynamics},
  note     = {in preparation},
  year     = {2022?},
}

@Article{Calvoetal2002,
  author  = {N. Calvo and others},
  title   = {On a doubly nonlinear parabolic obstacle problem modelling
             ice sheet dynamics},
  year    = {2002},
  journal = {SIAM J. Appl. Math.},
  volume  = {63},
  number  = {2},
  pages   = {683--707},
}

@Article{ChangNakshatrala2017,
  title={Variational inequality approach to enforcing the non-negative constraint for advection--diffusion equations},
  author={Chang, J. and Nakshatrala, K. B.},
  journal={Comput. Methods Appl. Mech. Eng.},
  volume={320},
  pages={287--334},
  year={2017},
}

@Article{ChoeLewis1991,
  author={H. J. Choe and J. L. Lewis},
  title={On the obstacle problem for quasilinear elliptic equations of $p$-{L}aplacian type},
  journal={SIAM J. Math. Anal.},
  volume={22},
  number={3},
  pages={623--638},
  year={1991},
}

@Book{Elmanetal2014,
  AUTHOR    = {H. C. Elman and D. J. Silvester and A. J. Wathen},
  TITLE     = {Finite {E}lements and {F}ast {I}terative {S}olvers: with
               {A}pplications in {I}ncompressible {F}luid {D}ynamics},
  EDITION   = {2nd},
  PUBLISHER = {Oxford University Press},
  ADDRESS   = {Oxford, UK},
  YEAR      = {2014},
}

@Book{EkelandTemam1976,
  AUTHOR    = {I. Ekeland and R. Temam},
  TITLE     = {{Convex Analysis and Variational Problems}},
  PUBLISHER = {North-Holland},
  ADDRESS   = {Amsterdam},
  YEAR      = {1976},
}

@Book{Evans2010,
  AUTHOR    = {L. C. Evans},
  TITLE     = {Partial {D}ifferential {E}quations},
  SERIES    = {Graduate Studies in Mathematics},
  PUBLISHER = {American Mathematical Society},
  ADDRESS   = {Providence},
  EDITION   = {2nd},
  YEAR      = {2010},
}

@Book{FacchineiPang2003,
  author={Facchinei, F. and Pang, J.-S.},
  title={{Finite-Dimensional Variational Inequalities and Complementarity Problems}},
  volume={1},
  year={2003},
  publisher={Springer}
}

@Article{Farrelletal2021,
  title={{PCPATCH}: {S}oftware for the topological construction of multigrid relaxation methods},
  author={Farrell, P. E. and Knepley, M. G. and Mitchell, L. and Wechsung, F.},
  journal={ACM Transactions on Mathematical Software (TOMS)},
  volume={47},
  number={3},
  pages={1--22},
  year={2021},
}

@Article{FerrisPang1997,
  title={Engineering and economic applications of complementarity problems},
  author={Ferris, M. C. and Pang, J.-Shi.},
  journal={SIAM Rev.},
  volume={39},
  number={4},
  pages={669--713},
  year={1997},
}

@Article{GraeserKornhuber2009,
  AUTHOR    = {C. Gr{\"a}ser and R. Kornhuber},
  TITLE     = {Multigrid methods for obstacle problems},
  JOURNAL   = {J. Comput. Math.},
  VOLUME    = {27},
  NUMBER    = {1},
  PAGES     = {1--44},
  YEAR      = {2009},
}

@Book{Greenbaum1997,
  AUTHOR    = {A. Greenbaum},
  TITLE     = {Iterative {M}ethods for {S}olving {L}inear {S}ystems},
  PUBLISHER = {SIAM Press},
  ADDRESS   = {Philadelphia},
  YEAR      = {1997},
}

@Book{GreveBlatter2009,
  AUTHOR    = {R. Greve and H. Blatter},
  TITLE     = {Dynamics of {I}ce {S}heets and {G}laciers},
  SERIES    = {Advances in Geophysical and Environmental Mechanics and
               Mathematics},
  PUBLISHER = {Springer},
  ADDRESS   = {Berlin, Germany},
  YEAR      = {2009},
}

@Article{JouvetBueler2012,
  author	= {G. Jouvet and E. Bueler},
  title		= {Steady, shallow ice sheets as obstacle problems: well-posedness and finite element approximation},
  journal	= {SIAM J. Appl. Math.},
  volume	= {72},
  number	= {4},
  pages		= {1292--1314},
  year		= {2012},
}

@Article{JouvetGraeser2013,
  author={G. Jouvet and C. Gr{\"a}ser},
  title={An adaptive {N}ewton multigrid method for a model of marine ice sheets},
  journal={J. Comput. Physics},
  volume={252},
  pages={419--437},
  year={2013},
}

@Book{KinderlehrerStampacchia1980,
  AUTHOR    = {D. Kinderlehrer and G. Stampacchia},
  TITLE     = {An {I}ntroduction to {V}ariational {I}nequalities and
               their {A}pplications},
  PUBLISHER = {Academic Press},
  ADDRESS   = {New York},
  YEAR      = {1980},
}

@Article{Kirby2010,
  title={From functional analysis to iterative methods},
  author={Kirby, R. C.},
  journal={SIAM Rev.},
  volume={52},
  number={2},
  pages={269--293},
  year={2010},
}

@Article{Kornhuber1994,
  AUTHOR    = {R. Kornhuber},
  TITLE     = {Monotone multigrid methods for elliptic variational inequalities},
  JOURNAL   = {Numer. Math.},
  VOLUME    = {69},
  PAGES     = {167--184},
  YEAR      = {1994},
}

@Book{NocedalWright2006,
  AUTHOR    = {J. Nocedal and S. Wright},
  TITLE     = {Numerical {O}ptimization},
  EDITION   = {2nd},
  PUBLISHER = {Springer},
  ADDRESS   = {New York},
  YEAR      = {2006},
}

@Book{Ockendonetal2003,
  AUTHOR    = {J. Ockendon and S. Howison and A. Lacey and S. Movchan},
  TITLE     = {Applied {P}artial {D}ifferential {E}quations},
  PUBLISHER = {Oxford University Press},
  ADDRESS   = {Oxford, UK},
  EDITION   = {revised},
  YEAR      = {2003},
}

@unpublished{Peral1997,
  title   = {Multiplicity of solutions for the $p$-{L}aplacian},
  author  = {Peral, I.},
  note    = {Notes of the Second International School in Functional Analysis
             and Applications to Differential Equations, ICTP-Trieste},
  year    = {1997}
}

@Article{Rathgeberetal2016,
  author =       {Florian Rathgeber and David A. Ham and Lawrence
                  Mitchell and Michael Lange and Fabio Luporini and
                  Andrew T. T. McRae and Gheorghe-Teodor Bercea and
                  Graham R. Markall and Paul H. J. Kelly},
  title =        {Firedrake: automating the finite element method by
                  composing abstractions},
  journal =      {ACM Trans. Math. Softw.},
  volume =       {43},
  number =       {3},
  year =         {2016},
  pages =        {24:1--24:27},
}

@Article{RocknerWang2008,
author = {M. R\"ockner and F.-Y. Wang},
title = {Non-monotone stochastic generalized porous media equations},
journal = {J. Diff. Eq.},
volume = {245},
number = {12},
pages = {3898--3935},
year = {2008},
}

@Article{SayagWorster2013,
  title={Axisymmetric gravity currents of power-law fluids over a rigid horizontal surface},
  author={Sayag, R. and Worster, M. G.},
  journal={J. Fluid Mech.},
  volume={716},
  year={2013},
}

@article{Tai2003,
  author={Tai, X.-C.},
  title={Rate of convergence for some constraint decomposition methods for nonlinear variational inequalities},
  journal={Numer. Math.},
  volume={93},
  number={4},
  pages={755--786},
  year={2003},
}

@article{TaiTseng2002,
  author={Tai, X.-C. and Tseng, P.},
  title={Convergence rate analysis of an asynchronous space decomposition method for convex minimization},
  journal={Math. Comput.},
  volume={71},
  number={239},
  pages={1105--1135},
  year={2002}
}

@article{TaiXu2002,
  title={Global and uniform convergence of subspace correction methods for some convex optimization problems},
  author={Tai, X.-C. and Xu, J.},
  journal={Math. Comput.},
  volume={71},
  number={237},
  pages={105--124},
  year={2002},
}

@Book{Trottenbergetal2001,
  AUTHOR    = {U. Trottenberg and C. W. Oosterlee and A. Schuller},
  TITLE     = {Multigrid},
  PUBLISHER = {Elsevier},
  ADDRESS   = {Oxford, UK},
  YEAR      = {2001},
}

@book{Ulbrich2011,
  author={M. Ulbrich},
  title={{Semismooth Newton Methods for Variational Inequalities and
          Constrained Optimization Problems in Function Spaces}},
  year={2011},
  publisher={SIAM Press},
  ADDRESS = {Philadelphia},
}

@Article{Xu1992,
  author={Xu, J.},
  title={Iterative methods by space decomposition and subspace correction},
  journal={SIAM Rev.},
  volume={34},
  number={4},
  pages={581--613},
  year={1992},
}

@Article{Zhang2004,
  title={On the nested refinement of quadrilateral and hexahedral
         finite elements and the affine approximation},
  author={Zhang, S.},
  journal={Numer. Math.},
  volume={98},
  number={3},
  pages={559--579},
  year={2004},
}

@Article{Farrell2019,
  author = {P. E. Farrell and M. Croci and T. M. Surowiec},
  title = {Deflation for semismooth equations},
  year = {2019},
  journal = {Optimization Methods and Software},
  doi = {10.1080/10556788.2019.1613655},
  volume = {35},
  number = {6},
  pages = {1248--1271},
}

@inbook{Carstensen2006,
  chapter = {2},
  editor = {E. Koelink},
  publisher = {Birkh{\"{a}}user Basel},
  series = {Operator Theory: Advances and Applications},
  author = {C. Carstensen},
  title = { Cl{\'{e}}ment interpolation and its role in adaptive finite element error control},
  volume = {168},
  pages = {27-43},
  year = {2006},
  doi = {10.1007/3-7643-7601-5},
}

@article{Amestoy2001,
   author  = {P. R. Amestoy and I. S. Duff and J. Koster and J.-Y. L'Excellent},
   title   = {A fully asynchronous multifrontal solver using distributed dynamic scheduling},
   journal = {SIAM Journal on Matrix Analysis and Applications},
   volume  = {23},
   number  = {1},
   year    = {2001},
   pages   = {15--41}
 }

@misc{Keith2023,
Author = {B. Keith and T. M. Surowiec},
Title = {Proximal {G}alerkin: a structure-preserving finite element method for pointwise bound constraints.},
Year = {2023},
doi = {10.48550/arXiv.2307.12444},
}

@article{Farrell2011,
  author = {P. E. Farrell and J. R. Maddison},
  title = {Conservative interpolation between volume meshes by local {G}alerkin projection},
  journal = {Computer Methods in Applied Mechanics and Engineering},
  volume = {200},
  number = {1-4},
  pages = {89--100},
  year = {2011},
  doi = {10.1016/j.cma.2010.07.015},
}

