@Book{Braess2007,
  AUTHOR    = {D. Braess},
  TITLE     = {Finite {E}lements: {T}heory, {F}ast {S}olvers, and
               {A}pplications in {E}lasticity {T}heory},
  EDITION   = {3rd},
  PUBLISHER = {Cambridge University Press},
  YEAR      = {2007}
}

@Book{Bueler2021,
  AUTHOR    = {E. Bueler},
  TITLE     = {{PETSc} for {P}artial {D}ifferential {E}quations: {N}umerical {S}olutions in {C} and {P}ython},
  PUBLISHER = {SIAM Press},
  ADDRESS   = {Philadelphia},
  YEAR      = {2021}
}

@Article{Bueler2021conservation,
  author   = {E. Bueler},
  title    = {Conservation laws for free-boundary fluid layers},
  journal  = {SIAM J. Appl. Math.},
  note     = {to appear},
  url      = {https://arxiv.org/abs/2007.05625},
  year     = {2021},
}

@Unpublished{BuelerMitchell2022,
  author   = {E. Bueler and L. Mitchell},
  title    = {Multilevel computation of glacier geometry from {S}tokes dynamics},
  note     = {in preparation},
  year     = {2022?},
}

@Article{Calvoetal2002,
  author  = {N. Calvo and others},
  title   = {On a doubly nonlinear parabolic obstacle problem modelling
             ice sheet dynamics},
  year    = {2002},
  journal = {SIAM J. Appl. Math.},
  volume  = {63},
  number  = {2},
  pages   = {683--707},
}

@Book{EkelandTemam1976,
  AUTHOR    = {I. Ekeland and R. Temam},
  TITLE     = {{Convex Analysis and Variational Problems}},
  PUBLISHER = {North-Holland},
  ADDRESS   = {Amsterdam},
  YEAR      = {1976},
}

@Book{Evans2010,
  AUTHOR    = {L. C. Evans},
  TITLE     = {Partial {D}ifferential {E}quations},
  SERIES    = {Graduate Studies in Mathematics},
  PUBLISHER = {American Mathematical Society},
  ADDRESS   = {Providence},
  EDITION   = {2nd},
  YEAR      = {2010},
}

@Book{FacchineiPang2003,
  author={Facchinei, F. and Pang, J.-S.},
  title={{Finite-Dimensional Variational Inequalities and Complementarity Problems}},
  volume={1},
  year={2003},
  publisher={Springer}
}

@Article{GraeserKornhuber2009,
  AUTHOR    = {C. Gr{\"a}ser and R. Kornhuber},
  TITLE     = {Multigrid methods for obstacle problems},
  JOURNAL   = {J. Comput. Math.},
  PAGES     = {1--44},
  YEAR      = {2009},
}

@Book{Greenbaum1997,
  AUTHOR    = {A. Greenbaum},
  TITLE     = {Iterative {M}ethods for {S}olving {L}inear {S}ystems},
  PUBLISHER = {SIAM Press},
  ADDRESS   = {Philadelphia},
  YEAR      = {1997},
}

@Article{JouvetBueler2012,
  author	= {G. Jouvet and E. Bueler},
  title		= {Steady, shallow ice sheets as obstacle problems: well-posedness and finite element approximation},
  journal	= {SIAM J. Appl. Math.},
  volume	= {72},
  number	= {4},
  pages		= {1292--1314},
  year		= {2012},
}

@Book{KinderlehrerStampacchia1980,
  AUTHOR    = {D. Kinderlehrer and G. Stampacchia},
  TITLE     = {An {I}ntroduction to {V}ariational {I}nequalities and
               their {A}pplications},
  PUBLISHER = {Academic Press},
  ADDRESS   = {New York},
  YEAR      = {1980},
}

@Book{Ockendonetal2003,
  AUTHOR    = {J. Ockendon and S. Howison and A. Lacey and S. Movchan},
  TITLE     = {Applied {P}artial {D}ifferential {E}quations},
  PUBLISHER = {Oxford University Press},
  ADDRESS   = {Oxford, UK},
  EDITION   = {revised},
  YEAR      = {2003},
}

@article{Tai2003,
  author={Tai, X.-C.},
  title={Rate of convergence for some constraint decomposition methods for nonlinear variational inequalities},
  journal={Numer. Math.},
  volume={93},
  number={4},
  pages={755--786},
  year={2003},
}

@Book{Trottenbergetal2001,
  AUTHOR    = {U. Trottenberg and C. W. Oosterlee and A. Schuller},
  TITLE     = {Multigrid},
  PUBLISHER = {Elsevier},
  ADDRESS   = {Oxford, UK},
  YEAR      = {2001},
}

@Article{Xu1992,
  author={Xu, J.},
  title={Iterative methods by space decomposition and subspace correction},
  journal={SIAM Rev.},
  volume={34},
  number={4},
  pages={581--613},
  year={1992},
}
